@misc{department_of_computer_science_and_engineering_-_indian_institute_of_technology_introduction_2010,
	address = {Bombay},
	title = {Introduction to {RTL}},
	url = {https://www.cse.iitb.ac.in/~uday/courses/cs715-09/gcc-rtl.pdf},
	author = {{Department of Computer Science and Engineering - Indian Institute of Technology}},
	year = {2010},
}

@misc{repositorio,
	title = {Compiladores, codigo-ejemplo},
	url = {},
	author = {Gonzalez, Julian},
}